<?xml version="1.0" encoding="UTF-8"?>
<marc:collection xmlns="http://www.loc.gov/MARC21/slim" xmlns:marc="http://www.loc.gov/MARC21/slim" xmlns:xsi="http://www.w3.org/2001/XMLSchema-instance" xsi:schemaLocation="http://www.loc.gov/standards/marcxml/schema/MARC21slim.xsd http://www.loc.gov/MARC21/slim">
  <record>
    <leader>00000npcaa2200000 u 4500</leader>
    <controlfield tag="008">190118i19921993xx                  eng d</controlfield>
    <datafield ind1=" " ind2=" " tag="040">
      <subfield code="a">DWP</subfield>
      <subfield code="b">eng</subfield>
      <subfield code="c">DWP</subfield>
      <subfield code="e">dacs</subfield>
    </datafield>
    <datafield ind1="0" ind2="7" tag="041">
      <subfield code="a">eng</subfield>
      <subfield code="2">iso639-2b</subfield>
    </datafield>
    <datafield ind1=" " ind2=" " tag="049">
      <subfield code="a">DWP</subfield>
    </datafield>
    <datafield ind1=" " ind2=" " tag="099">
      <subfield code="a">OHP012</subfield>
    </datafield>
    <datafield ind1="0" ind2="0" tag="245">
      <subfield code="a">St. Mary's Court - "Never Too Old to Learn" Oral History Project,</subfield>
      <subfield code="f">1992 - 1993</subfield>
    </datafield>
    <datafield ind1=" " ind2=" " tag="300">
      <subfield code="a">0.5</subfield>
      <subfield code="f">Linear feet</subfield>
    </datafield>
    <datafield ind1=" " ind2=" " tag="500">
      <subfield code="a">Processing Information: After the initial donation to the Library, the transcripts were placed in folders and stored them in a filing cabinet with other oral histories. Tapes were a cabinet for patron access. In 2014, the tapes and transcripts were digitized and in 2017 the collection was reprocessed. Transcripts were placed into folders and boxed. Audio cassettes were organized and placed into a box for long term storage.  All administrative documents, including releases, were placed into the control file.</subfield>
    </datafield>
    <datafield ind1="2" ind2=" " tag="520">
      <subfield code="a">Between 1992 and 1993, students of the "Never Too Old to Learn" class, sponsored by Iona Senior Service, conducted 6 oral history interviews. Participants were residents, volunteers, and staff members who were interviewed about their personal and family histories and outlooks on life. All interviewees were from St. Mary's Court, a senior residence facility in Foggy Bottom located at 72524th Street, NW.</subfield>
    </datafield>
    <datafield ind1=" " ind2=" " tag="540">
      <subfield code="a">The Library holds copyright for items in this collection with a signed release. There are no restrictions on the use of these collection materials. Reproduction of an oral history without a signed release is not permitted.</subfield>
    </datafield>
    <datafield ind1="1" ind2=" " tag="541">
      <subfield code="a">Iona Senior Services conducted these interviews between 1992 and 1993, and donated the tapes and transcripts to the Library in the mid 1990s. There is no deed of gift for this collection, but all interviewee releases are granted to the Library.</subfield>
    </datafield>
    <datafield ind1=" " ind2=" " tag="545">
      <subfield code="a">Iona Senior Services was founded in 1975 as Iona House to create programs to provide social services to people surrounding the Tenleytown Neighborhood. In 1982 Iona was named a lead agency with the D.C. Office of Aging, which enabled them to take their programs to other sections of the city.  St. Mary’s Court is a non-profit corporation operating a residential living facility for seniors 62 years of age or older or individuals with accessibility needs. Sponsored by the Episcopal Diocese of Washington, it is financed by the U.S. Department of Housing and Urban Development (HUD). Persons of all racial, ethnic, social, political and religious backgrounds are welcome.</subfield>
    </datafield>
    <datafield ind1=" " ind2="7" tag="650">
      <subfield code="a">Oral History</subfield>
      <subfield code="2">Library of Congress Subject Headings</subfield>
    </datafield>
    <datafield ind1=" " ind2=" " tag="852">
      <subfield code="a">DWP</subfield>
    </datafield>
  </record>
</marc:collection>

